@article{ref1,
author = {Gao, Jialin and Chen, Jianyu and Wei, Jiaqi and Jiang, Bin and Luo, A-Li},
year = {2023},
month = {05},
pages = {044503},
title = {Deep Multimodal Networks for M-type Star Classification with Paired Spectrum and Photometric Image},
volume = {135},
journal = {Publications of the Astronomical Society of the Pacific},
doi = {10.1088/1538-3873/acc7ca}
}
